@book{tricks,
	author = "Andr\'e LaMothe",
	title = "Tricks of the 3D Game Programming Gurus",
	year = "2003",
	publisher = "Sams Publishing",
	address = "201 West 103rd Street, Indianapolis, Indiana 46290",
}
