@article{MACKWORTH197799,
title = "Consistency in networks of relations",
journal = "Artificial Intelligence",
volume = "8",
number = "1",
pages = "99 - 118",
year = "1977",
note = "",
issn = "0004-3702",
doi = "http://dx.doi.org/10.1016/0004-3702(77)90007-8",
url = "http://www.sciencedirect.com/science/article/pii/0004370277900078",
author = "Alan K. Mackworth",

}