@book{tricks,
	author = "Andr\'e LaMothe",
	title = "Tricks of the 3D Game Programming Gurus",
	year = "2003",
	publisher = "Sams Publishing",
	address = "201 West 103rd Street, Indianapolis, Indiana 46290",
}

@book{ai,
	author = "Russel, Stuart and Norvig, Peter",
	title= "Artificial Intelligence: A Modern Approach",
	year="2010",
	publisher = "Pearson Education",
	edition ="3rd",
	address="Upper Saddle River, New Jersey 07458",
}

@MISC{four_color,
    author = {{Wikipedia, the free encyclopedia}},
    title = {Four color theorem},
    year = {2016},
    note = {\url{https://en.wikipedia.org/wiki/Four_color_theorem#/media/File:Four_Colour_Planar_Graph.svg}}
}

@MISC{world,
    author = {{Wikipedia, the free encyclopedia}},
    title = {Four color theorem},
    year = {2016},
    note = {\url{https://upload.wikimedia.org/wikipedia/commons/4/4a/World_map_with_four_colours.svg}}
}

@book{structs,
	author = "Cormen, Thomas and Leiserson, Charles and Rivest, Ronald and Stein, Clifford",
	title= "Introduction to Algorithms",
	year="2009",
	publisher = "Massachusetts Institute of Technology",
	edition ="3rd",
	address="Cambridge, Massachusetts",
}

@article{genetic,
	author = "Prof. S.V. Chande and Dr. M. Sinha",
	title = "Genetic Algorithm: A versatile Optimization Tool",
	year = "2008",
	publisher = "BVICAMâ€™S International Journal of Information Technology",
}
	
